@online{sis_dist:data_volume,
    author = "Statista",
    title = "Volume of data/information created, captured, copied, and consumed worldwide from 2010 to 2020, with forecasts from 2021 to 2025",
    url  = "https://www.statista.com/statistics/871513/worldwide-data-created/",
}
@online{sis_dist:compute_price,
    author = "Our World in Data",
    title = "Historical price of computer memory and storage",
    url  = "https://ourworldindata.org/grapher/historical-cost-of-computer-memory-and-storage",
}
@incollection{sis_dist:paxos,
  title={The part-time parliament},
  author={Lamport, Leslie},
  booktitle={Concurrency: the Works of Leslie Lamport},
  pages={277--317},
  year={2019}
}
@inproceedings{sis_dist:raft,
  title={In search of an understandable consensus algorithm},
  author={Ongaro, Diego and Ousterhout, John},
  booktitle={2014 USENIX annual technical conference (USENIX ATC 14)},
  pages={305--319},
  year={2014}
}
@article{sis_dist:bully,
  title={Elections in a distributed computing system},
  author={Garcia-Molina, Hector},
  journal={IEEE transactions on Computers},
  volume={31},
  number={01},
  pages={48--59},
  year={1982},
  publisher={IEEE Computer Society}
}
@article{sis_dist:fault_tol,
  title={Fault tolerance mechanisms in distributed systems},
  author={Sari, Arif and Akkaya, Murat},
  journal={International Journal of Communications, Network and System Sciences},
  volume={8},
  number={12},
  pages={471--482},
  year={2015},
  publisher={Scientific Research Publishing}
}

@article{sis_dist:griewank,
  title={Test functions for optimization needs},
  author={Molga, Marcin and Smutnicki, Czes{\l}aw},
  journal={Test functions for optimization needs},
  volume={101},
  pages={48},
  year={2005}
}
@online{sis_dist:lagrange,
    title = "Lagrange Multipliers",
    url = "https://www.sfu.ca/math-coursenotes/Math%20157%20Course%20Notes/sec_LagrangeMultipliers.html"
}
@misc{sis_dist:simplex,
	year = {2021},
	month = {jun},
	publisher = {},
	title = {Simplex {Method}},
}
@article{sis_dist:dnn,
  title={A survey of deep neural network architectures and their applications},
  author={Liu, Weibo and Wang, Zidong and Liu, Xiaohui and Zeng, Nianyin and Liu, Yurong and Alsaadi, Fuad E},
  journal={Neurocomputing},
  volume={234},
  pages={11--26},
  year={2017},
  publisher={Elsevier}
}
@article{sis_dist:cnn,
  title={A survey of convolutional neural networks: analysis, applications, and prospects},
  author={Li, Zewen and Liu, Fan and Yang, Wenjie and Peng, Shouheng and Zhou, Jun},
  journal={IEEE transactions on neural networks and learning systems},
  volume={33},
  number={12},
  pages={6999--7019},
  year={2021},
  publisher={IEEE}
}
@article{sis_dist:png,
  title={IEC: 15948: 2004--Information Technology--Computer Graphics and Image Processing--Portable Network Graphics (PNG): Functional Specification},
  author={ISO, ISO},
  journal={International Organization for Standardization: Geneva, Switzerland},
  year={2004}
}

@online{sis_dist:birds_dataset,
    author = "Gerry Pionsenka",
    title = "BIRDS 525 SPECIES- IMAGE CLASSIFICATION",
    url  = "https://www.kaggle.com/datasets/gpiosenka/100-bird-species",
}
@online{cpp:ex:red-panda,
    author = "Redpanda",
    title = "What is Redpanda?",
    url = "https://redpanda.com/what-is-redpanda",
}
@online{cpp:ex:ray-io,
    author = "Guyang Song and Yu Qi",
    title = "Modern Distributed C++ with Ray",
    url = "https://www.anyscale.com/blog/modern-distributed-c-with-ray",
}
@online{cpp:lib:zmq,
    title = "ZeroMQ",
    url = "https://zeromq.org/",
}
@online{scala:ex:spark,
    title = "Apache Spark - A Unified engine for large-scale data analytics",
    url = "https://spark.apache.org/docs/latest/",
}
@online{scala:lib:rabbit,
    title = "RabbitMQ",
    url = "https://www.rabbitmq.com/",
}
@online{scala:lib:akka,
    title = "Akka",
    url = "https://akka.io/",
}
@online{go:ex:awesome-go,
    author = "Awesome Go",
    title = "Distributed Systems",
    url = "https://awesome-go.com/distributed-systems/",
}
@online{go:lib:nats,
    title = "About NATS",
    url = "https://nats.io/about/",
}
@online{jl:lib:distributed,
    author = "JuliaLang",
    title = "Distributed Computing",
    url = "https://docs.julialang.org/en/v1/stdlib/Distributed/#man-distributed",
}
@online{elx:ex:companies,
    author = "Francesco Cesarini",
    title = "Which companies are using Erlang, and why?",
    url = "https://www.erlang-solutions.com/blog/which-companies-are-using-erlang-and-why-mytopdogstatus/",
}

@misc{aes:aes,
  author = {Morris J. Dworkin},
  title = {Advanced Encryption Standard (AES)},
  year = 2023,
  month = may,
  publisher = {Federal Inf. Process. Stds. (NIST FIPS), National Institute of Standards and Technology, Gaithersburg, MD},
  url = {https://tsapps.nist.gov/publication/get_pdf.cfm?pub_id=936594},
  doi = {https://doi.org/10.6028/NIST.FIPS.197-upd1},
  language = {en},
}
@misc{aes:rsa,
    series =    {Request for Comments},
    number =    8017,
    howpublished =  {RFC 8017},
    publisher = {RFC Editor},
    doi =       {10.17487/RFC8017},
    url =       {https://www.rfc-editor.org/info/rfc8017},
    author =    {Kathleen Moriarty and Burt Kaliski and Jakob Jonsson and Andreas Rusch},
    title =     {{PKCS \#1: RSA Cryptography Specifications Version 2.2}},
    pagetotal = 78,
    year =      2016,
    month =     nov,
    abstract =  {This document provides recommendations for the implementation of public-key cryptography based on the RSA algorithm, covering cryptographic primitives, encryption schemes, signature schemes with appendix, and ASN.1 syntax for representing keys and for identifying the schemes. This document represents a republication of PKCS \#1 v2.2 from RSA Laboratories' Public-Key Cryptography Standards (PKCS) series. By publishing this RFC, change control is transferred to the IETF. This document also obsoletes RFC 3447.},
}


@online{jl:ex:encss_jl_threading,
    author = "ENCCS",
    title = "Julia for high-performance scientific computing",
    url  = "https://enccs.github.io/julia-for-hpc/multithreading/#julia-threading",
}