@online{repos:docs,
    title = "Documentación de casos de uso",
    url = "https://github.com/tpf-concurrent-benchmarks/docs",
    keywords={repos}
}
@online{repos:template,
    title = "Template con Contenedores de métricas",
    url = "https://github.com/tpf-concurrent-benchmarks/compile_container_template",
    keywords={repos}
}

@online{repos:gs:cpp,
    title = "Implementación de Grid Search en C++",
    url = "https://github.com/tpf-concurrent-benchmarks/grid_search_cpp",
    keywords={repos}
}
@online{repos:gs:scala,
    title = "Implementación de Grid Search en Scala",
    url = "https://github.com/tpf-concurrent-benchmarks/grid_search_scala",
    keywords={repos}
}
@online{repos:gs:go,
    title = "Implementación de Grid Search en Go",
    url = "https://github.com/tpf-concurrent-benchmarks/grid_search_go",
    keywords={repos}
}
@online{repos:gs:jl,
    title = "Implementación de Grid Search en Julia",
    url = "https://github.com/tpf-concurrent-benchmarks/grid_search_julia",
    keywords={repos}
}
@online{repos:gs:elx,
    title = "Implementación de Grid Search en Elixir",
    url = "https://github.com/tpf-concurrent-benchmarks/grid_search_elixir",
    keywords={repos}
}

@online{repos:ip:cpp,
    title = "Implementación del Pipeline de Procesamiento de Imágenes en C++",
    url = "https://github.com/tpf-concurrent-benchmarks/image_processing_cpp",
    keywords={repos}
}
@online{repos:ip:scala,
    title = "Implementación del Pipeline de Procesamiento de Imágenes en Scala",
    url = "https://github.com/tpf-concurrent-benchmarks/image_processing_scala",
    keywords={repos}
}
@online{repos:ip:go,
    title = "Implementación del Pipeline de Procesamiento de Imágenes en Go",
    url = "https://github.com/tpf-concurrent-benchmarks/image_processing_go",
    keywords={repos}
}
@online{repos:ip:jl,
    title = "Implementación del Pipeline de Procesamiento de Imágenes en Julia",
    url = "https://github.com/tpf-concurrent-benchmarks/image_processing_julia",
    keywords={repos}
}
@online{repos:ip:elx,
    title = "Implementación del Pipeline de Procesamiento de Imágenes en Elixir",
    url = "https://github.com/tpf-concurrent-benchmarks/image_processing_elixir",
    keywords={repos}
}

@online{repos:aes:rust,
    title = "Implementación de AES en Rust",
    url = "https://github.com/tpf-concurrent-benchmarks/aes_rust",
    keywords={repos}
}
@online{repos:aes:scala,
    title = "Implementación de AES en Scala",
    url = "https://github.com/tpf-concurrent-benchmarks/aes_scala",
    keywords={repos}
}
@online{repos:aes:go,
    title = "Implementación de AES en Go",
    url = "https://github.com/tpf-concurrent-benchmarks/aes_go",
    keywords={repos}
}
@online{repos:aes:jl,
    title = "Implementación de AES en Julia",
    url = "https://github.com/tpf-concurrent-benchmarks/aes_julia",
    keywords={repos}
}
@online{repos:aes:zig,
    title = "Implementación de AES en Zig",
    url = "https://github.com/tpf-concurrent-benchmarks/aes_zig",
    keywords={repos}
}

@online{repos:aes:nn,
    title = "Implementación de Redes Neuronales en Python y Julia",
    url = "https://github.com/tpf-concurrent-benchmarks/neural_networks",
    keywords={repos}
}

@online{repos:http:py,
    title = "Implementación del Servidor de Encuestas en Python",
    url = "https://github.com/tpf-concurrent-benchmarks/http_python",
    keywords={repos}
}
@online{repos:http:java,
    title = "Implementación del Servidor de Encuestas en Java",
    url = "https://github.com/tpf-concurrent-benchmarks/http_java",
    keywords={repos}
}
@online{repos:http:go,
    title = "Implementación del Servidor de Encuestas en Go",
    url = "https://github.com/tpf-concurrent-benchmarks/http_go",
    keywords={repos}
}
@online{repos:http:js,
    title = "Implementación del Servidor de Encuestas en JavaScript",
    url = "https://github.com/tpf-concurrent-benchmarks/http_js",
    keywords={repos}
}
@online{repos:http:ruby,
    title = "Implementación del Servidor de Encuestas en Ruby",
    url = "https://github.com/tpf-concurrent-benchmarks/http_ruby",
    keywords={repos}
}